<record><leader>00000cas a22000007a 4500</leader><controlfield tag="001">14175384</controlfield><controlfield tag="008">860903d18651869txuwr ne      0    0eng d</controlfield><datafield ind1=" " ind2=" " tag="010"><subfield code="a">sn 86088728 </subfield></datafield><datafield ind1=" " ind2=" " tag="040"><subfield code="a">PPM</subfield><subfield code="b">eng</subfield><subfield code="c">PPM</subfield><subfield code="d">DLC</subfield><subfield code="d">OCLCQ</subfield><subfield code="d">RCE</subfield><subfield code="d">OCLCO</subfield><subfield code="d">OCLCF</subfield></datafield><datafield ind1=" " ind2=" " tag="042"><subfield code="a">msc</subfield></datafield><datafield ind1="0" ind2=" " tag="130"><subfield code="a">Texas countryman (Bellville, Tex. : 1865)</subfield></datafield><datafield ind1="1" ind2="4" tag="245"><subfield code="a">The Texas countryman.</subfield></datafield><datafield ind1=" " ind2=" " tag="260"><subfield code="a">Bellville, Tex. :</subfield><subfield code="b">J.P. Osterhaut,</subfield><subfield code="c">1865-1869.</subfield></datafield><datafield ind1=" " ind2=" " tag="300"><subfield code="a">v. ;</subfield><subfield code="c">46-57 cm.</subfield></datafield><datafield ind1=" " ind2=" " tag="310"><subfield code="a">Weekly</subfield></datafield><datafield ind1="0" ind2=" " tag="362"><subfield code="a">Vol. 6, no. 1 (Sept. 6, 1865)-v.9, no. 16 (Aug. 27, 1869).</subfield></datafield><datafield ind1=" " ind2=" " tag="500"><subfield code="a">Moved to Hempstead, Tex. in July 1867.</subfield></datafield><datafield ind1=" " ind2=" " tag="500"><subfield code="a">Continues numbering of: The Bellville countryman.</subfield></datafield><datafield ind1=" " ind2="0" tag="651"><subfield code="a">Bellville (Tex.)</subfield><subfield code="v">Newspapers.</subfield></datafield><datafield ind1=" " ind2="0" tag="651"><subfield code="a">Hempstead (Tex.)</subfield><subfield code="v">Newspapers.</subfield></datafield><datafield ind1=" " ind2="7" tag="651"><subfield code="a">Texas</subfield><subfield code="z">Bellville.</subfield><subfield code="2">fast</subfield><subfield code="0">(OCoLC)fst01224685</subfield></datafield><datafield ind1=" " ind2="7" tag="651"><subfield code="a">Texas</subfield><subfield code="z">Hempstead.</subfield><subfield code="2">fast</subfield><subfield code="0">(OCoLC)fst01272456</subfield></datafield><datafield ind1=" " ind2="7" tag="655"><subfield code="a">Newspapers.</subfield><subfield code="2">fast</subfield><subfield code="0">(OCoLC)fst01423814</subfield></datafield><datafield ind1=" " ind2=" " tag="752"><subfield code="a">United States</subfield><subfield code="b">Texas</subfield><subfield code="c">Austin</subfield><subfield code="d">Bellville.</subfield></datafield><datafield ind1=" " ind2=" " tag="752"><subfield code="a">United States</subfield><subfield code="b">Texas</subfield><subfield code="c">Austin</subfield><subfield code="d">Hempstead.</subfield></datafield><datafield ind1="0" ind2="0" tag="780"><subfield code="t">Bellville countryman</subfield><subfield code="w">(OCoLC)14072246</subfield></datafield><datafield ind1="0" ind2="0" tag="785"><subfield code="t">Hempstead weekly countryman</subfield><subfield code="w">(OCoLC)14062558</subfield></datafield></record>